@article{Allesina2012,
  title =	 {Stability criteria for complex ecosystems},
  author =	 {Allesina, Stefano and Tang, Si},
  journal =	 {Nature},
  volume =	 483,
  number =	 7388,
  pages =	 {205--208},
  year =	 2012,
  publisher =	 {Nature Publishing Group}
}

@article{Althoff2012,
  Author =	 {Althoff, D. M. and Segraves, K. A. and Smith,
                  C. I. and Leebens-Mack, J. and Pellmyr, O.},
  Journal =	 {Molecular Phylogenetics and Evolution},
  Pages =	 {898--906},
  Title =	 {Geographic isolation trumps coevolution as a driver
                  of yucca and yucca moth diversification},
  Volume =	 2,
  Year =	 2012
}

@article{Bascompte2003,
  Author =	 {Bascompte, J. and Jordano, P. and Melian, C. J. and
                  Olesen, J. M.},
  Journal =	 {Proc. Natl Acad. Sci. USA},
  Pages =	 {9383--9387},
  Title =	 {The nested assembly of plant-animal mutualistic
                  networks},
  Volume =	 100,
  Year =	 2003
}

@article{Bascompte2006,
  Author =	 {Bascompte, J. and Jordano, P. and Olesen, J. M.},
  Journal =	 {Science},
  Pages =	 {431--433},
  Title =	 {Asymmetric coevolutionary networks facilitate
                  biodiversity maintenance},
  Volume =	 312,
  Year =	 2006
}

@article{Bascompte2007,
  Author =	 {Bascompte, Jordi and Jordano, Pedro},
  Journal =	 {Annu. Rev. Ecol. Evol. Syst.},
  Pages =	 {567--93},
  Title =	 {Plant-animal mutualistic networks: the architecture
                  of biodiversity},
  Volume =	 38,
  Year =	 2007
}

@article{Bascompte2009,
  Author =	 {Bascompte, J. and Stouffer, D. B.},
  Journal =	 {Philosophical Transactions of the Royal Society B:
                  Biological Sciences},
  Pages =	 1781,
  Title =	 {The assembly and disassembly of ecological networks},
  Volume =	 364,
  Year =	 2009
}

@article{Blomberg2001,
  Author =	 {Blomberg, S.P. and Ives, A.R. and Garland, T.},
  Journal =	 {Am. Zool.},
  Pages =	 1395,
  Title =	 {Detecting phylogenetic signal in comparative data},
  Volume =	 41,
  Year =	 2001
}

@article{Blomberg2003,
  Author =	 {Blomberg, S. P. and Garland, T. and Ives, A. R.},
  Journal =	 {Evol. Int. J. Org. Evol.},
  Pages =	 {717--745},
  Title =	 {Testing for phylogenetic signal in comparative data:
                  Behavioral traits are more labile},
  Volume =	 57,
  Year =	 2003
}

@article{Bluthgen2007,
  Author =	 {Bl{\"u}thgen, Nico and Menzel, Florian and
                  Hovestadt, Thomas and Fiala, Brigitte and
                  Bl{\"u}thgen, Nils},
  Journal =	 {Current Biology},
  Pages =	 {341--346},
  Title =	 {Specialization, constraints, and conflicting
                  interests in mutualistic networks},
  Volume =	 17,
  Number =	 4,
  Year =	 2007
}

@article{Bronstein2006,
  Author =	 {Bronstein, J. L. and Alarcon, R. and Geber, M.},
  Journal =	 {New Phytol.},
  Pages =	 {412--428},
  Title =	 {The evolution of plant-insect mutualisms},
  Volume =	 172,
  Year =	 2006
}

@article{Burgos2007,
  Author =	 {Burgos, Enrique and Ceva, Horacio and Perazzo,
                  Roberto P.J. and Devoto, Mariano and Medan, Diego
                  and Zimmermann, Mart{\'i}n and Delbue, Ana
                  Mar{\'i}a},
  Journal =	 {Journal of Theoretical Biology},
  Pages =	 {307--313},
  Title =	 {Why nestedness in mutualistic networks?},
  Volume =	 249,
  Number =	 2,
  Year =	 2007
}

@article{Clauset2004,
  title =	 {Finding community structure in very large networks},
  author =	 {Clauset, Aaron and Newman, Mark EJ and Moore,
                  Cristopher},
  journal =	 {Physical review E},
  volume =	 70,
  number =	 6,
  pages =	 066111,
  year =	 2004,
  publisher =	 {APS}
}

@article{Cote2000,
  Author =	 {Cote, I.M.},
  Journal =	 {Oceanogr Mar. Biol.},
  Pages =	 {311--355},
  Title =	 {Evolution and ecology of cleaning symbioses in the
                  sea},
  Volume =	 38,
  Year =	 2000
}

@inbook{Cruaud2011,
  Author =	 {Cruaud, A. and Cook, J. and Da-Rong, Y. and Genson,
                  G. and Jabbour-Zahab, R. and Kjellberg, F. and
                  Pereira, R.A.S. and R{\o}nsted, N. and
                  Santos-Mattos, O. and Savolainen, V. and Ubaidillah,
                  R. and van Noort, S. and Yan-Qiong, P and Rasplus,
                  J},
  Chapter =	 {Fig-gif wasp mutualism: the fall of the strict
                  cospeciation paradigm?},
  Publisher =	 {Cambridge University Press},
  Title =	 {Evolution of Plant-Pollinator Relationships},
  Year =	 2011
}

@article {Danieli2012,
  author =	 {Danieli-Silva, Aline and de Souza, Jana Magaly
                  Tesserolli and Donatti, Ana Julia and Campos,
                  Ricardo Pamplona and Vicente-Silva, Jos√© and
                  Freitas, Leandro and Varassin, Isabela Galarda},
  title =	 {Do pollination syndromes cause modularity and
                  predict interactions in a pollination network in
                  tropical high-altitude grasslands?},
  journal =	 {Oikos},
  volume =	 121,
  number =	 1,
  pages =	 {35--43},
  year =	 2012
}

@article{Donatti2011,
  title =	 {Analysis of a hyper-diverse seed dispersal network:
                  modularity and underlying mechanisms},
  author =	 {Donatti, Camila I and Guimar{\~a}es, Paulo R and
                  Galetti, Mauro and Pizo, Marco Aur{\'e}lio and
                  Marquitti, Flavia and Dirzo, Rodolfo},
  journal =	 {Ecol. Lett.},
  volume =	 14,
  number =	 8,
  pages =	 {773--781},
  year =	 2011,
  publisher =	 {Wiley Online Library}
}

@article{Dunne2002,
  Author =	 {Dunne, J and Williams, R and Martinez N},
  Journal =	 {Ecol. Lett.},
  Pages =	 558,
  Title =	 {Network structure and biodiversity loss in food
                  webs: robustness increases with connectance},
  Volume =	 5,
  Year =	 2002
}

@article {Duopont2009,
  author =	 {Dupont, Yoko L. and Olesen, Jens M.},
  title =	 {Ecological modules and roles of species in heathland
                  plant-insect flower visitor networks},
  journal =	 {Journal of Animal Ecology},
  volume =	 78,
  number =	 2,
  pages =	 {346--353},
  year =	 2009
}

@article{Ehrlich1964,
  Author =	 {Ehrlich, P. R. and Raven, P. H.},
  Journal =	 {Evolution},
  Pages =	 {586-608},
  Title =	 {Butterflies and plants: a study in coevolution},
  Volume =	 18,
  Year =	 1964
}

@article{Farenholz1913,
  Author =	 {Farenholz, H.},
  Journal =	 {Zoologische Anzeiger},
  Pages =	 {371--374},
  Title =	 {Ectoparasiten und Abstammungslehre},
  Volume =	 41,
  Year =	 1913
}

@article{Fortuna2006,
  author =	 {Fortuna, Miguel A and Bascompte, Jordi},
  journal =	 {Ecol. Lett.},
  pages =	 {281--286},
  title =	 {Habitat loss and the structure of plant--animal
                  mutualistic networks},
  volume =	 9,
  number =	 3,
  year =	 2006
}

@article{Fortunato2010,
  title =	 {Community detection in graphs},
  author =	 {Fortunato, Santo},
  journal =	 {Physics Reports},
  volume =	 486,
  number =	 3,
  pages =	 {75--174},
  year =	 2010,
}

@article {Gibson2011,
  author =	 {Gibson, Rachel H. and Knott, Ben and Eberlein, Tim
                  and Memmott, Jane},
  title =	 {Sampling method influences the structure of
                  plant-pollinator networks},
  journal =	 {Oikos},
  volume =	 120,
  number =	 6,
  pages =	 {822--831},
  year =	 2011
}

@article{Gillespie1996,
  title =	 {Exact numerical simulation of the
                  {Ornstein-Uhlenbeck} process and its integral},
  author =	 {Gillespie, Daniel T},
  journal =	 {Physical review E},
  volume =	 54,
  number =	 2,
  pages =	 {2084--2091},
  year =	 1996
}

@article{Guimaraes2007,
  Author =	 {Guimar{\~a}es Jr, PR and Rico-Gray, V and Oliveira,
                  PS and Izzo, TJ and dos Reis, SF and Thompson, JN},
  Journal =	 {Current biology: CB},
  Number =	 20,
  Pages =	 {1797--1803},
  Title =	 {Interaction intimacy affects structure and
                  coevolutionary dynamics in mutualistic networks},
  Volume =	 17,
  Year =	 2007
}

@article{Guimaraes2011,
  Author =	 {Guimar{\~a}es Jr, P. R. and Jordano, P. and
                  Thompson, J. N.},
  Journal =	 {Ecol. Lett.},
  Number =	 9,
  Pages =	 {877-885},
  Title =	 {Evolution and coevolution in mutualistic networks},
  Volume =	 14,
  Year =	 2011
}

@article {Higgins2006,
  author =	 {L. Higgins, Christopher and R. Willig, Michael and
                  E. Strauss, Richard},
  title =	 {The role of stochastic processes in producing nested
                  patterns of species distributions},
  journal =	 {Oikos},
  volume =	 114,
  number =	 1,
  pages =	 {159--167},
  year =	 2006
}

@article{Hoberg2008,
  title =	 {A macroevolutionary mosaic: episodic host-switching,
                  geographical colonization and diversification in
                  complex host--parasite systems},
  author =	 {Hoberg, Eric P and Brooks, Daniel R},
  journal =	 {Journal of Biogeography},
  volume =	 35,
  number =	 9,
  pages =	 {1533--1550},
  year =	 2008,
  publisher =	 {Wiley Online Library}
}

@article{Ives2006,
  Author =	 {Ives, A. R. and Godfray, C. J.},
  Journal =	 {Am. Nat.},
  M3 =		 {10.1086/505157},
  Pages =	 {E1--E14},
  Title =	 {Phylogenetic analysis of trophic associations},
  Volume =	 168,
  Year =	 2006
}

@article{Jordano1995,
  Author =	 {Jordano, P.},
  Journal =	 {American Naturalist},
  Pages =	 {163-191},
  Title =	 {Angiosperm fleshy fruits and seed dispersers: a
                  comparative analysis of adaptation and constraints
                  in plant-animal interactions},
  Volume =	 145,
  Year =	 1995
}

@article{Jordano2003,
  Author =	 {Jordano, P. and Bascompte, J. and Olesen, J. M.},
  Journal =	 {Ecol. Lett.},
  Pages =	 {69--81},
  Title =	 {Invariant properties in coevolutionary networks of
                  plant-animal interactions},
  Volume =	 6,
  Year =	 2003
}

@article{Kearns1998,
  Author =	 {Kearns, C. A. and Inouye, D. W. and Waser, N. M.},
  Journal =	 {Annual Review of Ecology and Systematics},
  Pages =	 83,
  Title =	 {Endangered Mutualisms: The Conservation of
                  Plant-Pollinator Interactions},
  Volume =	 29,
  Year =	 1998
}

@article {Kembel2009,
  author =	 {Kembel, Steven W.},
  title =	 {Disentangling niche and neutral influences on
                  community assembly: assessing the performance of
                  community phylogenetic structure tests},
  journal =	 {Ecol. Lett.},
  volume =	 12,
  number =	 9,
  pages =	 {949--960},
  year =	 2009,
}

@article{Klassen1992,
  title =	 {Coevolution: A History of the Macroevolutionary
                  Approach to Studying Host-Parasite Associations},
  author =	 {Klassen, Greg J.},
  journal =	 {The Journal of Parasitology},
  volume =	 78,
  number =	 4,
  pages =	 {573--587},
  year =	 1992,
  publisher =	 {The American Society of Parasitologists}
}

@article{Krasnov2012,
  author =	 {Krasnov, Boris R and Fortuna, Miguel A and Mouillot,
                  David and Khokhlova, Irina S and Shenbrot, Georgy I
                  and Poulin, Robert},
  journal =	 {The American Naturalist},
  pages =	 {501--511},
  title =	 {Phylogenetic signal in module composition and
                  species connectivity in compartmentalized
                  host-parasite networks},
  volume =	 179,
  number =	 4,
  year =	 2012
}

@article{Krasnov2013,
  author =	 {Krasnov, Boris R and Pilosof, Shai and Stanko,
                  Michal and Morand, Serge and Korallo-Vinarskaya,
                  Natalia P and Vinarski, Maxim V and Poulin, Robert},
  journal =	 {Oikos},
  title =	 {Co-occurrence and phylogenetic distance in
                  communities of mammalian ectoparasites: limiting
                  similarity versus environmental filtering},
  volume =	 123,
  number =	 1,
  pages =	 {63--70},
  year =	 2014
}

@article{Krause2003,
  author =	 {Krause, Ann E and Frank, Kenneth A and Mason, Doran
                  M and Ulanowicz, Robert E and Taylor, William W},
  journal =	 {Nature},
  title =	 {Compartments revealed in food-web structure},
  volume =	 426,
  number =	 6964,
  pages =	 {282--285},
  year =	 2003
}

@article{Krishna2008,
  title =	 {A neutral-niche theory of nestedness in mutualistic
                  networks},
  author =	 {Krishna, Abhay and Guimaraes Jr, Paulo R and
                  Jordano, Pedro and Bascompte, Jordi},
  journal =	 {Oikos},
  volume =	 117,
  number =	 11,
  pages =	 {1609--1618},
  year =	 2008
}

@article {Lever2014,
  author =	 {Lever, J. Jelle and van Nes, Egbert H. and Scheffer,
                  Marten and Bascompte, Jordi},
  title =	 {The sudden collapse of pollinator communities},
  journal =	 {Ecol. Lett.},
  volume =	 17,
  number =	 3,
  pages =	 {350--359},
  year =	 2014,
}

@book{Liebherr2000,
  author =	 {Liebherr, J K and Zimmerman, E C},
  title =	 {Hawaiian Carabidae (Coleoptera), Part 1:
                  Introduction and Tribe Platynini},
  publisher =	 {University of Hawaii Press},
  address =	 {Honolulu, HI},
  volume =	 16,
  series =	 {Insects of Hawaii},
  year =	 2000,
  type =	 {Book}
}

@article{Loeuille2010,
  title =	 {Influence of evolution on the stability of
                  ecological communities},
  author =	 {Loeuille, Nicolas},
  journal =	 {Ecol. Lett.},
  volume =	 13,
  number =	 12,
  pages =	 {1536--1545},
  year =	 2010,
  publisher =	 {Wiley Online Library}
}

@article{Losos2008,
  Author =	 {Losos, J.B.},
  Journal =	 {Ecol. Lett.},
  Pages =	 {995--1007},
  Title =	 {Phylogenetic niche conservatism, phylogenetic signal
                  and the relationship between phylogenetic
                  relatedness and ecological similarity among species},
  Volume =	 11,
  Year =	 2008
}

@article{Machado2005,
  Author =	 {Machado, Carlos A. and Robbins, Nancy and Gilbert,
                  M. Thomas P. and Herre, Edward Allen},
  Journal =	 {Proc. Natl Acad. Sci. USA},
  Pages =	 {6558-6565},
  Title =	 {Critical review of host specificity and its
                  coevolutionary implications in the fig/fig-wasp
                  mutualism},
  Volume =	 102,
  Year =	 2005
}

@article{May1972,
  author =	 {May, Robert M},
  journal =	 {Nature},
  title =	 {Will a large complex system be stable?},
  volume =	 238,
  pages =	 {413--414},
  year =	 1972
}

@article {McGill2007,
  author =	 {McGill, Brian J. and Etienne, Rampal S. and Gray,
                  John S. and Alonso, David and Anderson, Marti J. and
                  Benecha, Habtamu Kassa and Dornelas, Maria and
                  Enquist, Brian J. and Green, Jessica L. and He,
                  Fangliang and Hurlbert, Allen H. and Magurran, Anne
                  E. and Marquet, Pablo A. and Maurer, Brian A. and
                  Ostling, Annette and Soykan, Candan U. and Ugland,
                  Karl I. and White, Ethan P.},
  title =	 {Species abundance distributions: moving beyond
                  single prediction theories to integration within an
                  ecological framework},
  journal =	 {Ecol. Lett.},
  volume =	 10,
  number =	 10,
  pages =	 {995--1015},
  year =	 2007
}

@article{Memmott2004,
  Author =	 {Memmott, J. and Waser, N. M. and Price, M. V.},
  Journal =	 {Proc. R. Soc. Lond. B},
  Pages =	 {2605--2611},
  Title =	 {Tolerance of pollination networks to species
                  extinctions},
  Volume =	 271,
  Year =	 2004
}

@article{Menz2010,
  Author =	 {Menz, MHM and Phillips, RD and Winfree, R and
                  Kremen, C and Aizen, MA and Johnson, SD and Dixon,
                  KW},
  Journal =	 {Trends in plant science},
  Pages =	 {4-12},
  Title =	 {Reconnecting plants and pollinators: challenges in
                  the restoration of pollination mutualisms},
  Volume =	 16,
  Year =	 2010
}

@article{Mooers2012,
  title =	 {Branch lengths on birth--death trees and the
                  expected loss of phylogenetic diversity},
  author =	 {Mooers, Arne and Gascuel, Olivier and Stadler, Tanja
                  and Li, Heyang and Steel, Mike},
  journal =	 {Systematic biology},
  volume =	 61,
  number =	 2,
  pages =	 {195--203},
  year =	 2012
}

@article{Newman2004,
  Author =	 {Newman, M and Girvan, M},
  Journal =	 {Physical Review E},
  Pages =	 026113,
  Title =	 {Finding and evaluating community structure in
                  networks},
  Volume =	 69,
  Year =	 2004
}

@article{Nielsen2007,
  title =	 {Ecological networks, nestedness and sampling effort},
  author =	 {Nielsen, Anders and Bascompte, Jordi},
  journal =	 {Journal of Ecology},
  volume =	 95,
  number =	 5,
  pages =	 {1134--1141},
  year =	 2007,
  publisher =	 {Wiley Online Library}
}

@article{Nuismer2013,
  Author =	 {Nuismer, Scott L. and Jordano, Pedro and Bascompte,
                  Jordi},
  Journal =	 {Evolution},
  Number =	 2,
  Pages =	 {338-354},
  Title =	 {Coevolution and the architecture of mutualistic
                  networks},
  Volume =	 67,
  Year =	 2013
}

@article{Olesen2007,
  Author =	 {Olesen, J. and Bascompte, J. and Dupont, Y. and
                  Jordano, P.},
  Journal =	 {Proc. Natl Acad. Sci. USA},
  Pages =	 {19891--19896},
  Title =	 {The modularity of pollination networks.},
  Volume =	 104,
  Year =	 2007
}

@article{Olesen2008,
  Author =	 {Olesen, J and Bascompte, J and Elberling, H and
                  Jordano, P},
  Journal =	 {Ecology},
  Pages =	 1573,
  Title =	 {Temporal dynamics in a pollination network},
  Volume =	 89,
  Year =	 2008
}

@article{Olesen2011,
  Author =	 {Olesen, J. M. and Stefanescu, C. and Traveset, A.},
  Journal =	 {Plos One},
  Title =	 {Strong Long-Term Temporal Dynamics of an Ecological
                  Network},
  Volume =	 6,
  Year =	 2011
}

@article{Page1991,
  Author =	 {Page, R. D. M.},
  Journal =	 {Systematic Zoology},
  Pages =	 {188--198},
  Title =	 {Clocks, clades, and cospeciation: comparing rates of
                  evolution and timing of cospeciation events in
                  host-parasite assemblages},
  Volume =	 40,
  Year =	 1991
}

@book{Paradis2012,
  title =	 {Analysis of Phylogenetics and Evolution with R},
  author =	 {Paradis, Emmanuel},
  year =	 2012,
  publisher =	 {Springer}
}

@article{Petanidou2008,
  Author =	 {Petanidou, T. and Kallimanis, S.A. and Tzanopoulos,
                  J. and Sgardelis, S.P. and Pantis, J.D.},
  Journal =	 {Ecol. Lett.},
  Pages =	 564,
  Title =	 {Long-term observation of a pollination network:
                  fluctuation in species and interactions, relative
                  invariance of network structure and implications for
                  estimates of specialization},
  Volume =	 11,
  Year =	 2008
}

@article{Pimm1979,
  title =	 {The structure of food webs},
  author =	 {Pimm, Stuart L},
  journal =	 {Theoretical Population Biology},
  volume =	 16,
  number =	 2,
  pages =	 {144--158},
  year =	 1979
}

@article{Pimm1980,
  title =	 {Are food webs divided into compartments?},
  author =	 {Pimm, Stuart L and Lawton, John H},
  journal =	 {The Journal of Animal Ecology},
  volume =	 49,
  pages =	 {879--898},
  year =	 1980
}

@article{Pocock2012,
  Author =	 {Pocock, M. J. O. and Evans, D. M. and Memmott, J.},
  Journal =	 {Science},
  Pages =	 973,
  Title =	 {The Robustness and Restoration of a Network of
                  Ecological Networks},
  Volume =	 335,
  Year =	 2012
}

@incollection{Pons2005,
  title =	 {Computing communities in large networks using random
                  walks},
  author =	 {Pons, Pascal and Latapy, Matthieu},
  booktitle =	 {Computer and Information Sciences-ISCIS 2005},
  pages =	 {284--293},
  year =	 2005,
  publisher =	 {Springer}
}

@article{Preston1948,
  author =	 {Preston, F. W.},
  title =	 {The commonness, and rarity, of species},
  journal =	 {Ecology},
  year =	 1948,
  volumne =	 29,
  pages =	 {254--283}
}

@article{Proulx2005,
  Author =	 {S. R. Proulx and D. E. L. Promislow and
                  P. C. Phillips},
  Journal =	 {Trends in ecology and evolution},
  Pages =	 345,
  Title =	 {Network thinking in ecology and evolution},
  Volume =	 20,
  Year =	 2005
}

@article{Ramirez2011,
  Author =	 {Ram\'irez, Santiago R. and Eltz, Thomas and
                  Fujiwara, Mikiko K. and Gerlach, G{\"u}nter and
                  Goldman-Huertas, Benjamin and Tsutsui, Neil D. and
                  Pierce, Naomi E.},
  Journal =	 {Science},
  Number =	 6050,
  Pages =	 {1742-1746},
  Title =	 {Asynchronous Diversification in a Specialized
                  Plant-Pollinator Mutualism},
  Volume =	 333,
  Year =	 2011
}

@article{Revell2008,
  Author =	 {Revell, L.J. and Harmon, L.J. and Collar, D.C.},
  Journal =	 {Systematic Biology},
  Pages =	 {591-- 601},
  Title =	 {Phylogenetic signal, evolutionary process, and rate},
  Volume =	 57,
  Year =	 2008
}

@article{Rezende2007,
  title =	 {Non-random coextinctions in phylogenetically
                  structured mutualistic networks},
  author =	 {Rezende, Enrico L and Lavabre, Jessica E and
                  Guimar{\~a}es, Paulo R and Jordano, Pedro and
                  Bascompte, Jordi},
  journal =	 {Nature},
  volume =	 448,
  number =	 7156,
  pages =	 {925--928},
  year =	 2007,
  publisher =	 {Nature Publishing Group}
}

@article{Ricketts2008,
  Author =	 {Ricketts, TH and Regetz, J and Steffan-Dewenter, I
                  and Cunningham, SA and Kremen, C and Bogdanski, A
                  and Gemmill-Herren, B and Greenleaf, SS and Klein,
                  AM and Mayfield, MM and Morandin, LA and Ochieng, A
                  and Potts, SG anf Viana, BF},
  Journal =	 {Ecol. Lett.},
  Pages =	 {499-515},
  Title =	 {Landscape effects on crop pollination services: are
                  there general patterns?},
  Volume =	 11,
  Year =	 2008
}

@article{Rivera2012,
  title =	 {Effects of sampling completeness on the structure of
                  plant-pollinator networks},
  author =	 {Rivera-Hutinel, A and Bustamante, RO and Mar{\'\i}n,
                  VH and Medel, R},
  journal =	 {Ecology},
  volume =	 93,
  number =	 7,
  pages =	 {1593--1603},
  year =	 2012,
  publisher =	 {Eco Soc America}
}

@article{Santamaria2007,
  Author =	 {Santamar{\'\i}a, Luis AND
                  Rodr{\'\i}guez-Giron{\'e}s, Miguel A},
  Journal =	 {PLoS Biol},
  Pages =	 {e31},
  Publisher =	 {Public Library of Science},
  Title =	 {Linkage Rules for Plant--Pollinator Networks: Trait
                  Complementarity or Exploitation Barriers?},
  Volume =	 5,
  Year =	 2007
}

@article{Sargent2008,
  Author =	 {R. D. Sargent and D. D. Ackerly},
  Journal =	 {Trends in Ecology and Evolution},
  Pages =	 123,
  Title =	 {Plant-pollinator interactions and the assembly of
                  plant communities},
  Volume =	 23,
  Year =	 2008
}

@article{Smith2008,
  Author =	 {Smith, C.I. and Pellmyr, O. and Althoff, D.M. and
                  Balc{\'a}zar-Lara, M. and Leebens-Mack, J. AND
                  Segraves, K.A.},
  Journal =	 {Proc. Roy. Soc. Lond. B Biol.},
  Pages =	 {249--258},
  Title =	 {Pattern and timing of diversification in Yucca
                  (Agavaceae): specialized pollination does not
                  escalate rates of diversification},
  Volume =	 275,
  Year =	 2008
}

@article{Stang2007,
  title =	 {Asymmetric specialization and extinction risk in
                  plant--flower visitor webs: a matter of morphology
                  or abundance?},
  author =	 {Stang, Martina and Klinkhamer, Peter GL and Van der
                  Meijden, Eddy},
  journal =	 {Oecologia},
  volume =	 151,
  number =	 3,
  pages =	 {442--453},
  year =	 2007,
}

@article{Stang2009,
  Author =	 {Stang, M and Klinkhamer, PGL and Waser, NM and
                  Stang, I and van der, Meijden E},
  Journal =	 {Annals of Botany},
  Number =	 {1459--1469},
  Title =	 {Size-specific interaction patterns and size matching
                  in a plant-pollinator interaction web},
  Volume =	 103,
  Year =	 2009
}

@article{Thebault2010,
  title =	 {Stability of ecological communities and the
                  architecture of mutualistic and trophic networks},
  author =	 {Th{\'e}bault, Elisa and Fontaine, Colin},
  journal =	 {Science},
  volume =	 329,
  number =	 5993,
  pages =	 {853--856},
  year =	 2010,
  publisher =	 {American Association for the Advancement of Science}
}

@book{Thompson2005,
  Author =	 {Thompson, J},
  Publisher =	 {University of Chicago Press, Chicago},
  Title =	 {The geographic mosaic of coevolution},
  Year =	 2005
}

@article{Thompson2006,
  Author =	 {Thompson, J. N.},
  Journal =	 {Science},
  Pages =	 {372--373},
  Title =	 {Mutualistic webs of species},
  Volume =	 312,
  Year =	 2006
}

@manual{TreeSim,
  Author =	 {Tanja Stadler},
  Note =	 {R package version 1.7},
  Title =	 {TreeSim: Simulating trees under the birth-death
                  model},
  Url =		 {http://CRAN.R-project.org/package=TreeSim},
  Year =	 2012
}

@article{Ulrich2009,
  title =	 {A consumer's guide to nestedness analysis},
  author =	 {Ulrich, Werner and Almeida-Neto, M{\'a}rio and
                  Gotelli, Nicholas J},
  journal =	 {Oikos},
  volume =	 118,
  number =	 1,
  pages =	 {3--17},
  year =	 2009,
  publisher =	 {Wiley Online Library}
}

@article{Vazquez2004,
  Author =	 {V{\'a}zquez, D. and Aizen, M.},
  Journal =	 {Ecology},
  Pages =	 1251,
  Title =	 {Asymmetric specialization: a pervasive feature of
                  plant-pollinator interactions},
  Volume =	 85,
  Year =	 2004
}

@article {Vazquez2005,
  author =	 {V{\'a}zquez, D.P. and Poulin, R. and Krasnov,
                  B.R. and Shenbrot, G.I.},
  title =	 {Species abundance and the distribution of
                  specialization in host-parasite interaction
                  networks},
  journal =	 {Journal of Animal Ecology},
  volume =	 74,
  number =	 5,
  pages =	 {946--955},
  year =	 2005,
}

@article {Vazquez2005b,
  author =	 {V\'azquez, Diego P.},
  title =	 {Degree distribution in plant-animal mutualistic
                  networks: forbidden links or random interactions?},
  journal =	 {Oikos},
  volume =	 108,
  number =	 2,
  publisher =	 {Munksgaard International Publishers},
  issn =	 {1600-0706},
  pages =	 {421--426},
  year =	 2005,
}

@article{Vazquez2009,
  Author =	 {V\'azquez, D. P. and Bl{\"u}thgen, N. and Cagnolo,
                  L. and Chacoff, N. P.},
  Journal =	 {Annals of Botany},
  Number =	 9,
  Pages =	 {1445-1457},
  Title =	 {Uniting pattern and process in plant-animal
                  mutualistic networks: a review},
  Volume =	 103,
  Year =	 2009
}

@article{Waser1996,
  Author =	 {N. M. Waser and L. Chittka and M. V. Price and
                  N. M. Williams and J. Ollerton},
  Journal =	 {Ecology},
  Pages =	 1043,
  Title =	 {Generalization in Pollination Systems, and Why it
                  Matters},
  Volume =	 77,
  Year =	 1996
}

@article{ape,
  Author =	 {Paradis, E. and Claude, J. and Strimmer, K.},
  Journal =	 {Bioinformatics},
  Pages =	 {289-290},
  Title =	 {APE: analyses of phylogenetics and evolution in {R}
                  language},
  Volume =	 20,
  Year =	 2004
}

@article{arlequin,
  author =	 {Excoffier, Laurent and Lischer, Heidi EL},
  title =	 {Arlequin suite ver 3.5: a new series of programs to
                  perform population genetics analyses under Linux and
                  Windows},
  journal =	 {Molecular ecology resources},
  volume =	 10,
  number =	 3,
  pages =	 {564-567},
  year =	 2010
}

@article{arnold2001adaptive,
  title =	 {The adaptive landscape as a conceptual bridge
                  between micro-and macroevolution},
  author =	 {Arnold, Stevan J and Pfrender, Michael E and Jones,
                  Adam G},
  journal =	 {Genetica},
  volume =	 112,
  number =	 1,
  pages =	 {9--32},
  year =	 2001,
  publisher =	 {Springer}
}

@article{barneyKipuka,
  author =	 {Barney, S K and Fukami, T and Flaspohler, D J and
                  Giardina, C P and Gruner, D S and Leopold, D R and
                  Knowlton, J L and Pitt, W C and Wilson Rankin, E E},
  title =	 {Rodent removal in fragmented Hawaiian forests:
                  efficacy and impacts on the small mammal community.},
  year =	 {in prep},
  type =	 {Journal Article}
}

@article{beast,
  title =	 {BEAST: Bayesian evolutionary analysis by sampling
                  trees},
  author =	 {Drummond, Alexei J and Rambaut, Andrew},
  journal =	 {BMC evolutionary biology},
  volume =	 7,
  number =	 1,
  pages =	 214,
  year =	 2007,
  publisher =	 {BioMed Central Ltd}
}

@article{bennett2013,
  title =	 {Historical biogeography and ecological opportunity
                  in the adaptive radiation of native Hawaiian
                  leafhoppers (Cicadellidae: Nesophrosyne)},
  author =	 {Bennett, Gordon M and O'Grady, Patrick M},
  journal =	 {Journal of Biogeography},
  volume =	 40,
  number =	 8,
  pages =	 {1512--1523},
  year =	 2013,
  publisher =	 {Wiley Online Library}
}

@article{berlow2009,
  title =	 {Simple prediction of interaction strengths in
                  complex food webs},
  author =	 {Berlow, Eric L and Dunne, Jennifer A and Martinez,
                  Neo D and Stark, Philip B and Williams, Richard J
                  and Brose, Ulrich},
  journal =	 {Proceedings of the National Academy of Sciences},
  volume =	 106,
  number =	 1,
  pages =	 {187--191},
  year =	 2009,
  publisher =	 {National Acad Sciences}
}

@article{bipartite,
  Author =	 {Dormann, C. and Gruber, B. and Fr{\"u}nd, J.},
  Journal =	 {R News},
  Pages =	 8,
  Title =	 {Introducing the bipartite package: analysing
                  ecological networks},
  Volume =	 8,
  Year =	 2008
}

@article{blackledge2005,
  title =	 {Convergent evolution of behavior in an adaptive
                  radiation of Hawaiian web-building spiders},
  author =	 {Blackledge, Todd A and Gillespie, Rosemary G},
  journal =	 {Proceedings of the National Academy of Sciences of
                  the United States of America},
  volume =	 101,
  number =	 46,
  pages =	 {16228--16233},
  year =	 2004,
  publisher =	 {National Acad Sciences}
}

@article{bokma2009,
  author =	 {Bokma, F.},
  title =	 {Problems detecting density-dependent diversification
                  on phylogenies.},
  journal =	 {Proceedings of the Royal Society B},
  volume =	 276,
  pages =	 {993-994},
  year =	 2009
}

@article{borer2014,
  title =	 {Herbivores and nutrients control grassland plant
                  diversity via light limitation},
  author =	 {Borer, Elizabeth T and Seabloom, Eric W and Gruner,
                  Daniel S and Harpole, W Stanley and Hillebrand,
                  Helmut and Lind, Eric M and Adler, Peter B and
                  Alberti, Juan and Anderson, T Michael and Bakker,
                  Jonathan D and others},
  journal =	 {Nature},
  year =	 2014,
  publisher =	 {Nature Publishing Group}
}

@article{brose2006,
  title =	 {Allometric scaling enhances stability in complex
                  food webs},
  author =	 {Brose, Ulrich and Williams, Richard J and Martinez,
                  Neo D},
  journal =	 {Ecology Letters},
  volume =	 9,
  number =	 11,
  pages =	 {1228--1236},
  year =	 2006,
  publisher =	 {Wiley Online Library}
}

@book{brown1995,
  Author =	 {Brown, James H},
  Date-Added =	 {2013-04-26 05:32:45 +0000},
  Date-Modified ={2013-04-26 05:32:53 +0000},
  Publisher =	 {University of Chicago Press},
  Title =	 {Macroecology},
  Year =	 1995
}

@article{cavenderBares2009,
  title =	 {The merging of community ecology and phylogenetic
                  biology},
  author =	 {Cavender-Bares, Jeannine and Kozak, Kenneth H and
                  Fine, Paul VA and Kembel, Steven W},
  journal =	 {Ecology letters},
  volume =	 12,
  number =	 7,
  pages =	 {693--715},
  year =	 2009,
  publisher =	 {Wiley Online Library}
}

@article{chadwick1999,
  author =	 {Chadwick, O A and Derry, L A and Vitousek, P M and
                  Huebert, B J and Hedin, L O},
  title =	 {Changing sources of nutrients during four million
                  years of ecosystem development},
  journal =	 {Nature},
  volume =	 397,
  pages =	 {491-497},
  year =	 1999,
  type =	 {Journal Article}
}

@article{chesson2000,
  title =	 {Mechanisms of maintenance of species diversity},
  author =	 {Chesson, Peter},
  journal =	 {Annual review of Ecology and Systematics},
  volume =	 31,
  number =	 1,
  pages =	 {343--366},
  year =	 2000,
  publisher =	 {Annual Reviews 4139 El Camino Way, PO Box 10139,
                  Palo Alto, CA 94303-0139, USA}
}

@article{croucher2012,
  title =	 {COLONIZATION HISTORY AND POPULATION GENETICS OF THE
                  COLOR-POLYMORPHIC HAWAIIAN HAPPY-FACE SPIDER
                  THERIDION GRALLATOR (ARANEAE, THERIDIIDAE)},
  author =	 {Croucher, Peter JP and Oxford, Geoff S and Lam,
                  Athena and Mody, Neesha and Gillespie, Rosemary G},
  journal =	 {Evolution},
  volume =	 66,
  number =	 9,
  pages =	 {2815--2833},
  year =	 2012,
  publisher =	 {Wiley Online Library}
}

@book{darwin,
  title =	 {On the origin of species by means of natural
                  selection. 1859},
  author =	 {Darwin, Charles},
  year =	 1959
}

@article{eldon2013,
  author =	 {Eldon, Jon and Price, Jonathan P. and Magnacca, Karl
                  and Price, Donald K.},
  title =	 {Patterns and processes in complex landscapes:
                  testing alternative biogeographical hypotheses
                  through integrated analysis of phylogeography and
                  community ecology in Hawai'i},
  journal =	 {Molecular Ecology},
  volume =	 22,
  number =	 13,
  pages =	 {3613--3628},
  keywords =	 {biogeography, community ecology, Drosophila,
                  Hawai'i, hypothesis testing, phylogeography},
  year =	 2013,
}

@book{eldredge1989,
  title =	 {Macroevolutionary dynamics: species, niches, and
                  adaptive peaks},
  author =	 {Eldredge, Niles},
  year =	 1989,
  publisher =	 {McGraw-Hill New York}
}

@article{erlichRaven,
  author =	 {Ehrlich, P.R. and Raven, P.H.},
  title =	 {Butterflies and plants: A study in coevolution.},
  journal =	 {Evolution},
  volume =	 18,
  pages =	 {586-608},
  year =	 1964
}

@article{erwin2008,
  title =	 {Macroevolution of ecosystem engineering, niche
                  construction and diversity},
  author =	 {Erwin, Douglas H},
  journal =	 {Trends in ecology \& evolution},
  volume =	 23,
  number =	 6,
  pages =	 {304--310},
  year =	 2008,
  publisher =	 {Elsevier}
}

@article{gillespie2004,
  title =	 {Community assembly through adaptive radiation in
                  Hawaiian spiders},
  author =	 {Gillespie, R.},
  journal =	 {Science},
  volume =	 303,
  number =	 5656,
  pages =	 {356--359},
  year =	 2004,
  publisher =	 {American Association for the Advancement of Science}
}

@article{gillespie2005,
  title =	 {Geographical context of speciation in a radiation of
                  Hawaiian Tetragnatha spiders (Araneae,
                  Tetragnathidae)},
  author =	 {Gillespie, Rosemary G},
  journal =	 {Journal of Arachnology},
  volume =	 33,
  number =	 2,
  pages =	 {313--322},
  year =	 2005,
  publisher =	 {BioOne}
}

@inbook{gillespie2009,
  author =	 {Gillespie, R.G.},
  title =	 {Adaptive Radiation},
  booktitle =	 {Guide to Ecology},
  editor =	 {Levin, S. and Carpenter, S. and Godfray, C. and
                  Kinzig, A. and Loreau, M. and Losos, J.B. and
                  Walker, B. and Wilcove, D.},
  publisher =	 {Princeton University Press},
  address =	 {Princeton, NJ},
  pages =	 {143-152},
  year =	 2009
}

@article{gillespie2014,
  author =	 {Gillespie, RG and Roderick, GK},
  title =	 {Geology and climate drive diversification},
  journal =	 {Nature},
  volume =	 509,
  pages =	 {207-298},
  year =	 2014
}

@article{gillespieBaldwin,
  title =	 {Island biogeography of remote archipelagoes},
  author =	 {Gillespie, R. G. and Baldwin, B. G.},
  journal =	 {The theory of island biogeography revisited},
  pages =	 {358--387},
  year =	 2010
}

@article{glor2010,
  author =	 {Glor, R.E.},
  title =	 {Phylogenetic Insights on Adaptive Radiation},
  journal =	 {Annu. Rev. Ecol. Evol. Syst.},
  volume =	 41,
  pages =	 {251‚Äì70},
  year =	 2010
}

@article{goodman2012,
  author =	 {Goodman, K.R. and Welter, S.C. and Roderick, G.K.},
  title =	 {Genetic divergence is decoupled from ecological
                  diversification in the Hawaiian Nesosydne
                  planthoppers},
  journal =	 {Evolution},
  volume =	 66,
  pages =	 {2798‚Äì2814},
  year =	 2012
}

@article{goodmanInRev,
  author =	 {Goodman, K.R. and Kelley, J.P. and Welter, S.C. and
                  Roderick, G.K.},
  title =	 {Rapid diversification of sexual signals in Hawaiian
                  Nesosydne planthoppers (Hemiptera: Delphacidae)
                  under the influence of neutral and selective forces},
  journal =	 { },
  year =	 {in review}
}

@book{grant2007,
  author =	 {Grant, P.R. and Grant, B.R.},
  title =	 {How and Why Species Multiply: The Radiation of
                  Darwin's Finches.},
  publisher =	 {Princeton University Press.},
  address =	 {Princeton, NJ},
  year =	 2007
}

@article{gruner2007,
  title =	 {Geological age, ecosystem development, and local
                  resource constraints on arthropod community
                  structure in the Hawaiian Islands},
  author =	 {Gruner, Daniel S},
  journal =	 {Biological Journal of the Linnean Society},
  volume =	 90,
  number =	 3,
  pages =	 {551--570},
  year =	 2007,
  publisher =	 {Wiley Online Library}
}

@article{harmon2008,
  author =	 {Harmon, L.J. and Melville, J. and Larson, A. and
                  Losos, J.B.},
  title =	 {The role of geography and ecological opportunity in
                  the diversification of day geckos (Phelsuma).},
  journal =	 {Systematic Biology},
  volume =	 57,
  pages =	 {562-573},
  year =	 2008
}

@book{harte2011,
  title =	 {The Maximum Entropy Theory of Ecology},
  author =	 {Harte, J.},
  year =	 2011,
  publisher =	 {Oxford University Press}
}

@article{harte2014,
  title =	 {Maximum information entropy: a foundation for
                  ecological theory},
  author =	 {Harte, John and Newman, Erica A},
  journal =	 {Trends in Ecology \& Evolution},
  year =	 2014,
  publisher =	 {Elsevier Current Trends}
}

@article{hormiga2003,
  author =	 {Hormiga, G. and Arnedo, M. and Gillespie, R. G.},
  title =	 {Speciation on a conveyor belt: Sequential
                  colonization of the Hawaiian islands by Orsonwelles
                  spiders (Araneae, Linyphiidae)},
  journal =	 {Systematic Biology},
  volume =	 52,
  number =	 1,
  pages =	 {70-88},
  note =	 {635LH SYST BIOL},
  year =	 2003
}

@book{hubbell2001,
  title =	 {The unified neutral theory of biodiversity and
                  biogeography (MPB-32)},
  author =	 {Hubbell, S. P.},
  volume =	 32,
  year =	 2001,
  publisher =	 {Princeton University Press}
}

@article{igraph,
  Author =	 {Gabor Csardi and Tamas Nepusz},
  Journal =	 {InterJournal},
  Pages =	 1695,
  Title =	 {The igraph software package for complex network
                  research},
  Url =		 {http://igraph.sf.net},
  Volume =	 {Complex Systems},
  Year =	 2006
}

@book{juvik1998,
  author =	 {Juvik, S P and Juvik, J O},
  title =	 {Atlas of Hawai‚Äòi},
  publisher =	 {University of Hawai‚Äòi Press},
  address =	 {Honolulu, HI},
  edition =	 {3rd edition},
  pages =	 {xv + 333},
  year =	 1998,
  type =	 {Book}
}

@article{NEON,
  author =	 {Kampe, Thomas U and Johnson, Brian R and Kuester,
                  Michele and Keller, Michael},
  title =	 {NEON: the first continental-scale ecological
                  observatory with airborne remote sensing of
                  vegetation canopy biochemistry and structure},
  journal =	 {Journal of Applied Remote Sensing},
  volume =	 4,
  number =	 1,
  pages =	 {043510-043510-24},
  year =	 2010,
  type =	 {Journal Article}
}

@phdthesis{kaye2011,
  author =	 {Kaye, S J},
  title =	 {Effects of natural fragmentation on native forest
                  structure, invasive rat distributions, and stable
                  isotope signatures after 150 years},
  university =	 {University of Hawai'i at Hilo},
  year =	 2011,
  type =	 {Thesis}
}

@article{kitayama1995,
  title =	 {Vegetation changes along gradients of long-term soil
                  development in the Hawaiian montane rainforest zone},
  author =	 {Kitayama, Kanehiro and Mueller-Dombois, Dieter},
  journal =	 {Vegetatio},
  volume =	 120,
  number =	 1,
  pages =	 {1--20},
  year =	 1995,
  publisher =	 {Springer}
}

@article{knowlton2014,
  author =	 {Knowlton, Jessie L and Flaspohler, David J and
                  McInerney, N C Rotzel and Fleischer, Robert C},
  title =	 {First record of hybridization in the Hawaiian
                  honeycreepers: 'i'iwi (Vestiaria coccinea) √ó
                  'apapane (Himatione sanguinea)},
  journal =	 {Wilson Journal of Ornithology},
  volume =	 126,
  number =	 3,
  pages =	 {562-568},
  keywords =	 {kipuka},
  ISSN =	 {1559-4491},
  DOI =		 {doi:10.1676/13-054.1},
  url =		 {http://dx.doi.org/10.1676/13-054.1},
  year =	 2014,
  type =	 {Journal Article}
}

@article{knowlton2016,
  author =	 {Knowlton, J L and Flaspohler, D J and Paxton, E H
                  and Fukami, T and Giardina, C P and Gruner, D S and
                  Rankin, E E W},
  title =	 {Movements of four native Hawaiian birds across a
                  naturally fragmented landscape},
  journal =	 {Journal of Avian Biology},
  volume =	 {in press},
  year =	 2016,
  type =	 {Journal Article}
}

@article{kolbe2004,
  author =	 {Kolbe, J.J. and Glor, R.E. and Schettino, L.R. and
                  Lara, A.C. and Larson, A. and Losos, J.B.},
  title =	 {Genetic variation increases during biological
                  invasion by a Cuban lizard},
  journal =	 {Nature},
  volume =	 431,
  pages =	 {177-181},
  year =	 2004
}

@phdthesis{kovach2012,
  author =	 {Kovach, T},
  title =	 {Determinants of avian density across a fragmented
                  landscape},
  university =	 {University of Hawai'i at Hilo},
  year =	 2012,
  type =	 {Thesis}
}

@article{losos2003nature,
  title =	 {Niche lability in the evolution of a Caribbean
                  lizard community},
  author =	 {Losos, J. B. and Leal, M. and Glor, R. E. and de
                  Queiroz, K. and Hertz, P. E. and Schettino,
                  L. R. and Lara, A. C. and Jackman, T. R. and Larson,
                  A.},
  journal =	 {Nature},
  volume =	 424,
  number =	 6948,
  pages =	 {542--545},
  year =	 2003,
  publisher =	 {Nature Publishing Group}
}

@book{losos2009,
  author =	 {Losos, J.B.},
  title =	 {Lizards in en evolutionary tree: Ecology and
                  adaptive radiaiton of anoles},
  publisher =	 {University of California Press},
  address =	 {Berkeley, CA},
  year =	 2009
}

@book{macWilson,
  title =	 {The theory of island biogeography},
  author =	 {MacArthur, R. H. and Wilson, E. O.},
  year =	 1967,
  publisher =	 {Princeton University Press}
}

@article{magnacca2008,
  title =	 {A review of the endemic Hawaiian Drosophilidae and
                  their host plants},
  author =	 {Magnacca, Karl N and Foote, David and O‚ÄôGrady,
                  PATRICK M},
  journal =	 {Zootaxa},
  volume =	 1728,
  pages =	 {1--58},
  year =	 2008
}

@article{massol2011,
  author =	 {Massol, F and Gravel, D and Mouquet, N and Cadotte,
                  M W and Fukami, T and Leibold, M A},
  title =	 {Linking community and ecosystem dynamics through
                  spatial ecology},
  journal =	 {Ecology Letters},
  volume =	 14,
  number =	 3,
  pages =	 {313-323},
  year =	 2011,
  type =	 {Journal Article}
}

@article{mendelson2004,
  title =	 {Testing geographical pathways of speciation in a
                  recent island radiation},
  author =	 {Mendelson, Tamra C and Siegel, Alex M and Shaw,
                  Kerry L},
  journal =	 {Molecular ecology},
  volume =	 13,
  number =	 12,
  pages =	 {3787--3796},
  year =	 2004,
  publisher =	 {Wiley Online Library}
}

@article{mendelson2005,
  title =	 {Sexual behaviour: rapid speciation in an arthropod},
  author =	 {Mendelson, Tamra C and Shaw, Kerry L},
  journal =	 {Nature},
  volume =	 433,
  number =	 7024,
  pages =	 {375--376},
  year =	 2005,
  publisher =	 {Nature Publishing Group}
}

@article{miller1997,
  author =	 {Miller, M.P.},
  title =	 {Tools for Population Genetic Analysis (TFPGA), 1.3:
                  a Windows program for the analysis of allozyme and
                  molecular population genetic data. Distributed by
                  the author:
                  http://www.marksgeneticsoftware.net/tfpga.htm.},
  year =	 1997
}

@article{mueller2016,
  author =	 {Mueller, L and Breza, L and Genung, M A and
                  Giardina, C P and Stone, N E and Sidak-Loftis, L C
                  and Busch, J D and Wagner, D M and Bailey, J K and
                  Schweitzer, J A},
  title =	 {Ecosystem consequences of plant genetic divergence
                  with colonization of new habitat},
  journal =	 {Ecology},
  year =	 {in review},
  type =	 {Journal Article}
}

@book{nicheCons,
  title =	 {Niche construction: the neglected process in
                  evolution},
  author =	 {Odling-Smee, F John and Laland, Kevin N and Feldman,
                  Marcus W},
  number =	 37,
  year =	 2003,
  publisher =	 {Princeton University Press}
}

@book{nishida2002,
  title =	 {Hawaiian terrestrial arthropod checklist. Fourth
                  Edition},
  author =	 {Nishida, G.M.},
  number =	 {Technical Report 22},
  pages =	 313,
  year =	 2002,
  publisher =	 {Bishop Museum}
}

@article{nodf,
  Author =	 {Almeida-Neto, M. and Gumar\~{a}es, P. and
                  Gumar{\~a}es, P.R. and Loyola, R.D. and Ulrich, W.},
  Journal =	 {Oikos},
  Pages =	 {1227-1239},
  Title =	 {A consistent metric for nestedness analysis in
                  ecological systems: reconciling concept and
                  measurement.},
  Volume =	 117,
  Year =	 2008
}

@article{nosil2006,
  author =	 {Nosil, P. and Crespi, B.J.},
  title =	 {Experimental evidence that predation promotes
                  divergence in adaptive radiation. },
  journal =	 {Proceedings of the National Academy of Sciences of
                  the USA},
  volume =	 103,
  pages =	 {9090‚Äì9095},
  year =	 2006
}

@article{nosil2008,
  title =	 {Speciation with gene flow could be common},
  author =	 {Nosil, Patrik},
  journal =	 {Molecular Ecology},
  volume =	 17,
  number =	 9,
  pages =	 {2103--2106},
  year =	 2008,
  publisher =	 {Wiley Online Library}
}

@article{ogrady2011,
  title =	 {Phylogenetic and ecological relationships of the
                  Hawaiian Drosophila inferred by mitochondrial DNA
                  analysis},
  author =	 {O'Grady, Patrick M and Lapoint, Richard T and
                  Bonacum, James and Lasola, Jackline and Owen, Elaine
                  and Wu, Yifei and DeSalle, Rob},
  journal =	 {Molecular phylogenetics and evolution},
  volume =	 58,
  number =	 2,
  pages =	 {244--256},
  year =	 2011,
  publisher =	 {Elsevier}
}

@article{papadopoulou2010,
  title =	 {Revisiting the insect mitochondrial molecular clock:
                  the mid-Aegean trench calibration},
  author =	 {Papadopoulou, Anna and Anastasiou, Ioannis and
                  Vogler, Alfried P},
  journal =	 {Molecular Biology and Evolution},
  volume =	 27,
  number =	 7,
  pages =	 {1659--1672},
  year =	 2010,
  publisher =	 {SMBE}
}

@article{partitionfinder,
  title =	 {PartitionFinder: combined selection of partitioning
                  schemes and substitution models for phylogenetic
                  analyses},
  author =	 {Lanfear, Robert and Calcott, Brett and Ho, Simon YW
                  and Guindon, Stephane},
  journal =	 {Molecular Biology and Evolution},
  volume =	 29,
  number =	 6,
  pages =	 {1695--1701},
  year =	 2012,
  publisher =	 {SMBE}
}

@article{percy2003,
  author =	 {Percy, D.M.},
  title =	 {Radiation, diversity and host plant interactions
                  among island and continental legume-feeding
                  psyllids},
  journal =	 {Evolution},
  volume =	 57,
  pages =	 {2540-2556},
  year =	 2003
}

@article{percy2006,
  author =	 {Percy, D.M. and Kennedy, M.},
  title =	 {Psyllid communication: acoustic diversity, mate
                  recognition and phylogenetic signal},
  journal =	 {Invertebrate Systematics},
  volume =	 20,
  pages =	 {431-445},
  year =	 2006
}

@phdthesis{phifer2012,
  author =	 {Phifer, C},
  title =	 {Pollination ecology of Broussaisia arguta
                  (Hydrangeaceae) in a fragmented forest on the Island
                  of Hawai'i},
  university =	 {University of Hawai'i at Hilo},
  year =	 2012,
  type =	 {Thesis}
}

@article{picante,
  Author =	 {S.W. Kembel and P.D. Cowan and M.R. Helmus and
                  W.K. Cornwell and H. Morlon and D.D. Ackerly and
                  S.P. Blomberg and C.O. Webb},
  Journal =	 {Bioinformatics},
  Pages =	 {1463--1464},
  Title =	 {Picante: {R} tools for integrating phylogenies and
                  ecology},
  Volume =	 26,
  Year =	 2010
}

@article{price2002,
  author =	 {Price, J.P. and Clague, D.A.},
  title =	 {How old is the Hawaiian biota? Geology and phylogeny
                  suggest recent divergence},
  journal =	 {Proc R Soc Lond B Biol Sci},
  volume =	 269,
  pages =	 {2429-2435},
  year =	 2002
}

@book{price2012,
  title =	 {Mapping plant species ranges in the Hawaiian
                  Islands: developing a methodology and associated GIS
                  layers},
  author =	 {Price, Jonathan P},
  year =	 2012,
  publisher =	 {US Department of the Interior, US Geological Survey}
}

@article{qian2005,
  title =	 {Beta diversity of angiosperms in temperate floras of
                  eastern Asia and eastern North America},
  author =	 {Qian, H. and Ricklefs, R. E. and White, P. S.},
  journal =	 {Ecology Letters},
  volume =	 8,
  number =	 1,
  pages =	 {15--22},
  year =	 2005,
  publisher =	 {Wiley Online Library}
}

@article{rabosky2008,
  author =	 {Rabosky, D. L. and Lovette, I.J.},
  title =	 {Explosive evolutionary radiations: decreasing
                  speciation or increasing extinction through time?},
  journal =	 {Evolution},
  volume =	 62,
  pages =	 {1866-1875},
  year =	 2008
}

@article{rankin2016,
  author =	 {Wilson Rankin, E E and Knowlton, J L and Flaspohler,
                  D J and Giardina, C P and Gruner, D S and Leopold, D
                  R and Buckardt, A and Pitt, W C and Fukami, T},
  title =	 {Vertical foraging shifts in Hawaiian forest birds in
                  response to invasive rat removal},
  journal =	 {PLoS ONE},
  year =	 {in review},
  type =	 {Journal Article}
}

@article{ricklefs1987,
  title =	 {Community diversity: relative roles of local and
                  regional processes},
  author =	 {Ricklefs, R. E.},
  journal =	 {Science},
  volume =	 235,
  number =	 4785,
  pages =	 {167--171},
  year =	 1987,
  publisher =	 {American Association for the Advancement of Science}
}

@article{rius2014,
  title =	 {How important is intraspecific genetic admixture to
                  the success of colonising populations?},
  author =	 {Rius, Marc and Darling, John A},
  journal =	 {Trends in ecology \& evolution},
  volume =	 29,
  number =	 4,
  pages =	 {233--242},
  year =	 2014,
  publisher =	 {Elsevier}
}

@article{roderick1998,
  author =	 {Roderick, G.K. and Gillespie, R.G.},
  title =	 {Speciation and phylogeography of Hawaiian
                  terrestrial arthropods},
  journal =	 {Molecular Ecology},
  volume =	 7,
  pages =	 {519-531},
  year =	 1998
}

@inbook{roderick2008,
  author =	 {Roderick, G. K. and Percy, D.M.},
  title =	 {Host plant use, diversification, and coevolution:
                  Insights from remote oceanic islands},
  booktitle =	 {Specialization, Speciation, and
                  Radiation. Evolutionary Biology of Herbivorous
                  Insects},
  editor =	 {Tilmon, K.J.},
  publisher =	 {University of California Press},
  address =	 {Berkeley},
  pages =	 {151-161},
  year =	 2008
}

@article{roderick2012,
  author =	 {Roderick, G.K. and Croucher, P.J.P. and Vandergast,
                  A.G. and Gillespie, R.G.},
  title =	 {Species differentiation on a dynamic landscape:
                  shifts in metapopulation and genetic structure using
                  the chronology of the Hawaiian Archipelago},
  journal =	 {Evolutionary Biology},
  volume =	 32,
  pages =	 {192-206},
  year =	 2012
}

@article{romanuk2009,
  title =	 {Predicting invasion success in complex ecological
                  networks},
  author =	 {Romanuk, Tamara N and Zhou, Yun and Brose, Ulrich
                  and Berlow, Eric L and Williams, Richard J and
                  Martinez, Neo D},
  journal =	 {Philosophical Transactions of the Royal Society B:
                  Biological Sciences},
  volume =	 364,
  number =	 1524,
  pages =	 {1743--1754},
  year =	 2009,
  publisher =	 {The Royal Society}
}

@article{romingerInPrep,
  author =	 {Rominger, A. J. and Grunder, D. S. and Gillespie,
                  R. G. and Harte, J.},
  title =	 {Making and breaking a new ecological theory: Maximum
                  entorpy in rapidly evolving ecoystems},
  journal =	 {},
  year =	 {in preparation}
}

@article{rosindell2011,
  Author =	 {Rosindell, James and Phillimore, Albert B.},
  Journal =	 {Ecology Letters},
  Number =	 6,
  Pages =	 {552--560},
  Title =	 {A unified model of island biogeography sheds light
                  on the zone of radiation},
  Volume =	 14,
  Year =	 2011
}

@article{rosindell2012,
  title =	 {The case for ecological neutral theory},
  author =	 {Rosindell, James and Hubbell, Stephen P and He,
                  Fangliang and Harmon, Luke J and Etienne, Rampal S},
  journal =	 {Trends in ecology \& evolution},
  volume =	 27,
  number =	 4,
  pages =	 {203--208},
  year =	 2012,
  publisher =	 {Elsevier}
}

@article{rundle2003,
  author =	 {Rundle, H.D.},
  title =	 {Divergent environments and population bottlenecks
                  fail to generate premating isolation in Drosophila
                  pseudoobscura},
  journal =	 {Evolution},
  volume =	 57,
  number =	 11,
  pages =	 {2557‚Äì2565},
  year =	 2003
}

@article{santos2012,
  author =	 {Santos, M. E. and Salzburger, W.},
  title =	 {How Cichlids Diversify},
  journal =	 {Science},
  volume =	 338,
  number =	 6107,
  pages =	 {619-621},
  note =	 {Santos, M. Emilia Salzburger, Walter},
  year =	 2012
}

@book{schluter2000,
  author =	 {Schluter, D.},
  title =	 {The ecology of adaptive radiation.},
  publisher =	 {Oxford University Press},
  address =	 {Oxford},
  year =	 2000
}

@article{schluter2003,
  author =	 {Schluter, D.},
  title =	 {Frequency dependent natural selection during char-
                  acter displacement in sticklebacks.},
  journal =	 {Evolution},
  volume =	 57,
  pages =	 {1142‚Äì1150},
  year =	 2003
}

@article{schuur2001,
  author =	 {Schuur, E A G and Chadwick, O A and Matson, P A},
  title =	 {Carbon cycling and soil carbon storage in mesic to
                  wet Hawaiian montane forests},
  journal =	 {Ecology},
  volume =	 82,
  number =	 11,
  pages =	 {3182-3196},
  year =	 2001,
  type =	 {Journal Article}
}

@article{seehausen2004,
  title =	 {Male--male competition and nuptial--colour
                  displacement as a diversifying force in Lake
                  Victoria cichlid fishes},
  author =	 {Seehausen, Ole and Schluter, Dolph},
  journal =	 {Proceedings of the Royal Society of London. Series
                  B: Biological Sciences},
  volume =	 271,
  number =	 1546,
  pages =	 {1345--1353},
  year =	 2004,
  publisher =	 {The Royal Society}
}

@article{seehausen2006,
  title =	 {African cichlid fish: a model system in adaptive
                  radiation research},
  author =	 {Seehausen, Ole},
  journal =	 {Proceedings of the Royal Society B: Biological
                  Sciences},
  volume =	 273,
  number =	 1597,
  pages =	 {1987--1998},
  year =	 2006,
  publisher =	 {The Royal Society}
}

@article{seehausen2014,
  title =	 {Genomics and the origin of species},
  author =	 {Seehausen, Ole and Butlin, Roger K and Keller, Irene
                  and Wagner, Catherine E and Boughman, Janette W and
                  Hohenlohe, Paul A and Peichel, Catherine L and
                  Saetre, Glenn-Peter and Bank, Claudia and
                  Br{\"a}nnstr{\"o}m, {\AA}ke and others},
  journal =	 {Nature Reviews Genetics},
  volume =	 15,
  number =	 3,
  pages =	 {176--192},
  year =	 2014,
  publisher =	 {Nature Publishing Group}
}

@article{sherrod2007,
  title =	 {New K--Ar ages for c alculating end-of-shield
                  extrusion rates at West Maui volcano, Hawaiian
                  island chain},
  author =	 {Sherrod, David R and Murai, Takashi and Tagami,
                  Takahiro},
  journal =	 {Bulletin of volcanology},
  volume =	 69,
  number =	 6,
  pages =	 {627--642},
  year =	 2007,
  publisher =	 {Springer}
}

@article{simon1994,
  title =	 {Evolution, weighting, and phylogenetic utility of
                  mitochondrial gene sequences and a compilation of
                  conserved polymerase chain reaction primers},
  author =	 {Simon, Chris and Frati, Francesco and Beckenbach,
                  Andrew and Crespi, Bernie and Liu, Hong and Flook,
                  Paul},
  journal =	 {Annals of the entomological Society of America},
  volume =	 87,
  number =	 6,
  pages =	 {651--701},
  year =	 1994,
  publisher =	 {Entomological Society of America}
}

@article{tilman2004,
  title =	 {Niche tradeoffs, neutrality, and community
                  structure: a stochastic theory of resource
                  competition, invasion, and community assembly},
  author =	 {Tilman, David},
  journal =	 {Proceedings of the National Academy of Sciences of
                  the United States of America},
  volume =	 101,
  number =	 30,
  pages =	 {10854--10861},
  year =	 2004,
  publisher =	 {National Acad Sciences}
}

@article{timmermans2010,
  title =	 {Why barcode? High-throughput multiplex sequencing of
                  mitochondrial genomes for molecular systematics},
  author =	 {Timmermans, Martijn JTN and Dodsworth, Stephen and
                  Culverwell, CL and Bocak, Ladislav and Ahrens, Dirk
                  and Littlewood, David TJ and Pons, Joan and Vogler,
                  Alfried P},
  journal =	 {Nucleic acids research},
  volume =	 38,
  number =	 21,
  pages =	 {e197--e197},
  year =	 2010,
  publisher =	 {Oxford Univ Press}
}

@article{vandergast2004,
  author =	 {Vandergast, A.G. and Gillespie, R.G. and Roderick,
                  G.K.},
  title =	 {Influence of volcanic activity on the population
                  genetic structure of Hawaiian Tetragnatha spiders:
                  fragmentation, rapid population growth, and the
                  potential for accelerated evolution},
  journal =	 {Molecular Ecology},
  volume =	 13,
  pages =	 {1729-1743},
  year =	 2004
}

@article{vannette2016,
  author =	 {Vannette, Rachel L and Leopold, Devin R and Fukami,
                  Tadashi},
  title =	 {Forest area and connectivity influence
                  root-associated fungal communities in a fragmented
                  landscape},
  journal =	 {Ecology},
  volume =	 97,
  number =	 9,
  pages =	 {2374-2383},
  year =	 2016,
  type =	 {Journal Article}
}

@article{vaughn2013,
  author =	 {Vaughn, Nicholas R and Asner, Gregory P and
                  Giardina, Christian P},
  title =	 {Polar grid fraction as an estimator of forest canopy
                  structure using airborne LiDAR},
  journal =	 {International Journal of Remote Sensing},
  volume =	 34,
  number =	 21,
  pages =	 {7464-7473},
  year =	 2013,
  type =	 {Journal Article}
}

@article{vaughn2014,
  author =	 {Vaughn, Nicholas R and Asner, Gregory P and
                  Giardina, Christian P},
  title =	 {Centennial impacts of fragmentation on the canopy
                  structure of tropical montane forest},
  journal =	 {Ecological Applications},
  volume =	 24,
  number =	 7,
  pages =	 {1638-1650},
  keywords =	 {kipuka},
  year =	 2014,
  type =	 {Journal Article}
}

@article{vaughn2015,
  author =	 {Vaughn, Nicholas R and Asner, Gregory P and
                  Giardina, Christian P},
  title =	 {Long-term fragmentation effects on the distribution
                  and dynamics of canopy gaps in a tropical montane
                  forest},
  journal =	 {Ecosphere},
  volume =	 6,
  number =	 12,
  pages =	 {art271},
  year =	 2015,
  type =	 {Journal Article}
}

@manual{vegan,
  Author =	 {Jari Oksanen and F. Guillaume Blanchet and Roeland
                  Kindt and Pierre Legendre and Peter R. Minchin and
                  R. B. O'Hara and Gavin L. Simpson and Peter Solymos
                  and M. Henry H. Stevens and Helene Wagner},
  Title =	 {vegan: Community Ecology Package},
  Url =		 {http://CRAN.R-project.org/package=vegan},
  Year =	 2013
}

@article{vitousek1992,
  author =	 {Vitousek, Peter M and Aplet, Gregory and Turner,
                  Douglas and Lockwood, John J},
  title =	 {The Mauna Loa environmental matrix: foliar and soil
                  nutrients},
  journal =	 {Oecologia},
  volume =	 89,
  pages =	 {372-382},
  year =	 1992,
  type =	 {Journal Article}
}

@book{vitousek2004,
  author =	 {Vitousek, P M},
  title =	 {Nutrient Cycling and Limitation: Hawai'i as a Model
                  System},
  publisher =	 {Princeton University Press},
  address =	 {Princeton, NJ},
  pages =	 232,
  year =	 2004,
  type =	 {Book}
}

@book{wagnerFunk,
  author =	 {Wagner, W.L. and Funk, V.},
  title =	 {Hawaiian Biogeography Evolution on a Hot Spot
                  Archipelago},
  publisher =	 {Smithsonian Institution Press},
  address =	 {Washington, DC},
  year =	 1995
}

@book{wallace1870,
  title =	 {Contributions to the Theory of Natural Selection},
  author =	 {Wallace, Alfred R},
  year =	 1862,
  publisher =	 {Macmillan and Company}
}

@article{wellenreuther2008,
  author =	 {Wellenreuther, M. and Barrett, P.T. and Clements,
                  K.D.},
  title =	 {The evolution of habitat specialisation in a group
                  of marine triplefin fishes},
  journal =	 {Evolutionary Ecology},
  volume =	 23,
  number =	 4,
  pages =	 {557-568},
  year =	 2008
}

@article{williams2000,
  title =	 {Simple rules yield complex food webs},
  author =	 {Williams, Richard J and Martinez, Neo D},
  journal =	 {Nature},
  volume =	 404,
  number =	 6774,
  pages =	 {180--183},
  year =	 2000,
  publisher =	 {Nature Publishing Group}
}

@article{williams2008,
  title =	 {Success and its limits among structural models of
                  complex food webs},
  author =	 {Williams, Richard J and Martinez, Neo D},
  journal =	 {Journal of Animal Ecology},
  volume =	 77,
  number =	 3,
  pages =	 {512--519},
  year =	 2008,
  publisher =	 {Wiley Online Library}
}

@article{williams2010,
  title =	 {Simple MaxEnt models explain food web degree
                  distributions},
  author =	 {Williams, Richard J},
  journal =	 {Theoretical Ecology},
  volume =	 3,
  number =	 1,
  pages =	 {45--52},
  year =	 2010,
  publisher =	 {Springer}
}

@article{yoder2010,
  author =	 {Yoder, J.B. and Clancey, E. and Des Roches, S. and
                  Eastman, J.M. and Gentry, L. and Godsoe, W.K.W. and
                  Hagey, T. and Jochimsen, D. and Oswald, B.P. and
                  Robertson, J. and Sarver, B.A.J. and Schenk,
                  J.J. and Spear, S.F. and Harmon, L.J.},
  title =	 {Ecological opportunity and the origin of adaptive
                  radiations},
  journal =	 {Journal of Evolutionary Biology},
  volume =	 23,
  pages =	 {1581--1596},
  year =	 2010
}

@article{ricklefs2006neutral,
  title =	 {The unified neutral theory of biodiversity: do the
                  numbers add up?},
  author =	 {Ricklefs, Robert E},
  journal =	 {Ecology},
  volume =	 87,
  number =	 6,
  pages =	 {1424--1431},
  year =	 2006,
  publisher =	 {Eco Soc America}
}

@article{rominger2015,
  title =	 {Community assembly on isolated islands: macroecology
                  meets evolution},
  author =	 {Rominger, AJ and Goodman, KR and Lim, JY and
                  Armstrong, EE and Becking, LE and Bennett, GM and
                  Brewer, MS and Cotoras, DD and Ewing, CP and Harte,
                  J and others},
  journal =	 {Global Ecology and Biogeography},
  year =	 2015
}

@article{brown1971,
  title={Mammals on mountaintops: nonequilibrium insular biogeography},
  author={Brown, James H},
  journal={American Naturalist},
  pages={467--478},
  year={1971},
  publisher={JSTOR}
}

@article{rosindell2011TREE,
  title =	 {\textit{The Unified Neutral Theory of Biodiversity
                  and Biogeography} at Age Ten},
  author =	 {Rosindell, James and Hubbell, Stephen P and Etienne,
                  Rampal S},
  journal =	 {Trends in ecology \& evolution},
  volume =	 26,
  number =	 7,
  pages =	 {340--348},
  year =	 2011,
  publisher =	 {Elsevier}
}

@article{Jaynes1957,
  author =	 {Jaynes, ET},
  title =	 {{Information theory and statistical mechanics. II}},
  journal =	 {Physical Review},
  year =	 1957,
  volume =	 108,
  number =	 2,
  pages =	 {171--190}
}

@article{barnosky2012,
  title =	 {Approaching a state shift in Earth's biosphere},
  author =	 {Barnosky, Anthony D and Hadly, Elizabeth A and
                  Bascompte, Jordi and Berlow, Eric L and Brown, James
                  H and Fortelius, Mikael and Getz, Wayne M and Harte,
                  John and Hastings, Alan and Marquet, Pablo A and
                  others},
  journal =	 {Nature},
  volume =	 486,
  number =	 7401,
  pages =	 {52--58},
  year =	 2012,
  publisher =	 {Nature Publishing Group}
}

@article{vitousek1997nutrient,
  title={Nutrient limitation and soil development: experimental test of a biogeochemical theory},
  author={Vitousek, Peter M and Farrington, Heraldo},
  journal={Biogeochemistry},
  volume={37},
  number={1},
  pages={63--75},
  year={1997},
  publisher={Springer}
}

@article{rominger2016,
  title={meteR: an r package for testing the maximum entropy theory of ecology},
  author={Rominger, Andrew J and Merow, Cory},
  journal={Methods in Ecology and Evolution},
  year={2016},
  publisher={Wiley Online Library}
}

@article{kurtz2015,
  title={Sparse and compositionally robust inference of microbial ecological networks},
  author={Kurtz, Zachary D and M{\"u}ller, Christian L and Miraldi, Emily R and Littman, Dan R and Blaser, Martin J and Bonneau, Richard A},
  journal={PLoS Comput Biol},
  volume={11},
  number={5},
  pages={e1004226},
  year={2015},
  publisher={Public Library of Science}
}

@book{royleDorazio,
  title =	 {Hierarchical modeling and inference in ecology: the
                  analysis of data from populations, metapopulations
                  and communities},
  author =	 {Royle, J. A. and Dorazio, R. M.},
  year =	 2008,
  publisher =	 {Academic Press}
}

@article{rabosky2015amNat,
  title =	 {Species Richness at Continental Scales Is Dominated
                  by Ecological Limits},
  author =	 {Rabosky, Daniel L and Hurlbert, Allen H and
                  President, ASN and Moderator, Debate and Price,
                  Trevor},
  journal =	 {The American Naturalist},
  volume =	 185,
  number =	 5,
  pages =	 {572--583},
  year =	 2015,
  publisher =	 {University of Chicago Press Chicago, IL}
}

@article{harmon2015amNat,
  title =	 {Species Diversity Is Dynamic and Unbounded at Local
                  and Continental Scales},
  author =	 {Harmon, Luke J and Harrison, Susan},
  journal =	 {The American Naturalist},
  volume =	 185,
  number =	 5,
  pages =	 {584--593},
  year =	 2015
}

@article{levin1999,
  title =	 {Towards a science of ecological management},
  author =	 {Levin, Simon A},
  journal =	 {Conservation Ecology},
  volume =	 3,
  number =	 2,
  pages =	 6,
  year =	 1999
}

@article{asner2012,
  title={A universal airborne LiDAR approach for tropical forest carbon mapping},
  author={Asner, Gregory P and Mascaro, Joseph and Muller-Landau, Helene C and Vieilledent, Ghislain and Vaudry, Romuald and Rasamoelina, Maminiaina and Hall, Jefferson S and van Breugel, Michiel},
  journal={Oecologia},
  volume={168},
  number={4},
  pages={1147--1160},
  year={2012},
  publisher={Springer}
}

@article{Erwin1998,
  Author =	 {Erwin, Douglas H.},
  Journal =	 {Trends in Ecology and Evolution},
  Pages =	 {344--349},
  Title =	 {The end and the beginning: recoveries from mass
                  extinctions},
  Volume =	 13,
  Year =	 1998
}

@article{hsdm,
  title={Hierarchical Species Distribution Models},
  author={Hefley, Trevor J and Hooten, Mevin B},
  journal={Current Landscape Ecology Reports},
  volume={1},
  number={2},
  pages={87--97},
  year={2016},
  publisher={Springer}
}

@book{brian1999,
  title={Untangling ecological complexity: the macroscopic perspective},
  author={Brian A. Maurer},
  year={1999},
  publisher={University of Chicago Press}
}

@article{kembel2012,
  title={Incorporating 16S gene copy number information improves estimates of microbial diversity and abundance},
  author={Kembel, Steven W and Wu, Martin and Eisen, Jonathan A and Green, Jessica L},
  journal={PLoS Comput Biol},
  volume={8},
  number={10},
  pages={e1002743},
  year={2012},
  publisher={Public Library of Science}
}

@article{delong2010,
  title={Shifts in metabolic scaling, production, and efficiency across major evolutionary transitions of life},
  author={DeLong, John P and Okie, Jordan G and Moses, Melanie E and Sibly, Richard M and Brown, James H},
  journal={Proceedings of the National Academy of Sciences},
  volume={107},
  number={29},
  pages={12941--12945},
  year={2010},
  publisher={National Acad Sciences}
}

@article{shi2015,
  title={Successional trajectories of rhizosphere bacterial communities over consecutive seasons},
  author={Shi, Shengjing and Nuccio, Erin and Herman, Donald J and Rijkers, Ruud and Estera, Katerina and Li, Jiabao and da Rocha, Ulisses Nunes and He, Zhili and Pett-Ridge, Jennifer and Brodie, Eoin L and others},
  journal={MBio},
  volume={6},
  number={4},
  pages={e00746--15},
  year={2015},
  publisher={Am Soc Microbiol}
}

@article{asner2006,
  title={Vegetation--climate interactions among native and invasive species in Hawaiian rainforest},
  author={Asner, Gregory P and Martin, Roberta E and Carlson, Kimberly M and Rascher, Uwe and Vitousek, Peter M},
  journal={Ecosystems},
  volume={9},
  number={7},
  pages={1106--1117},
  year={2006},
  publisher={Springer}
}

@article{asner2009,
  title={Airborne spectranomics: mapping canopy chemical and taxonomic diversity in tropical forests},
  author={Asner, Gregory P and Martin, Roberta E},
  journal={Frontiers in Ecology and the Environment},
  volume={7},
  number={5},
  pages={269--276},
  year={2009},
  publisher={Wiley Online Library}
}

@article{asner2011high,
  title={High-resolution carbon mapping on the million-hectare Island of Hawaii},
  author={Asner, Gregory P and Hughes, R Flint and Mascaro, Joseph and Uowolo, Amanda L and Knapp, David E and Jacobson, James and Kennedy-Bowdoin, Ty and Clark, John K},
  journal={Frontiers in Ecology and the Environment},
  volume={9},
  number={8},
  pages={434--439},
  year={2011},
  publisher={Wiley Online Library}
}

@article{crews1995,
  title={Changes in soil phosphorus fractions and ecosystem dynamics across a long chronosequence in Hawaii},
  author={Crews, Timothy E and Kitayama, Kanehiro and Fownes, James H and Riley, Ralph H and Herbert, Darrell A and Mueller-Dombois, Dieter and Vitousek, Peter M},
  journal={Ecology},
  volume={76},
  number={5},
  pages={1407--1424},
  year={1995},
  publisher={Wiley Online Library}
}

@article{gruner2005,
  title={The effects of foliar pubescence and nutrient enrichment on arthropod communities of Metrosideros polymorpha (Myrtaceae)},
  author={Gruner, Daniel S and Taylor, Andrew D and Forkner, Rebecca E},
  journal={Ecological Entomology},
  volume={30},
  number={4},
  pages={428--443},
  year={2005},
  publisher={Wiley Online Library}
}

@article{bukovinszky2008,
  title={Direct and indirect effects of resource quality on food web structure},
  author={Bukovinszky, Tibor and van Veen, FJ Frank and Jongema, Yde and Dicke, Marcel},
  journal={Science},
  volume={319},
  number={5864},
  pages={804--807},
  year={2008},
  publisher={American Association for the Advancement of Science}
}

@article{giardina2004,
  title={Belowground carbon cycling in a humid tropical forest decreases with fertilization},
  author={Giardina, Christian P and Binkley, Dan and Ryan, Michael G and Fownes, James H and Senock, Randy S},
  journal={Oecologia},
  volume={139},
  number={4},
  pages={545--550},
  year={2004},
  publisher={Springer}
}

@article{austin2000,
  title={Precipitation, decomposition and litter decomposability of Metrosideros polymorpha in native forests on Hawai‚Äôi},
  author={Austin, Amy T and Vitousek, Peter M},
  journal={Journal of Ecology},
  volume={88},
  number={1},
  pages={129--138},
  year={2000},
  publisher={Wiley Online Library}
}

@article{krehenwinkel2016,
  title={A cost-efficient and simple protocol to enrich prey DNA from extractions of predatory arthropods for large-scale gut content analysis by Illumina sequencing},
  author={Krehenwinkel, Henrik and Kennedy, Susan and Pek{\'a}r, Stano and Gillespie, Rosemary G},
  journal={Methods in Ecology and Evolution},
  year={2016},
  publisher={Wiley Online Library}
}

@article{taberlet2012,
  title =	 {Towards next-generation biodiversity assessment
                  using DNA metabarcoding},
  author =	 {Taberlet, Pierre and Coissac, Eric and Pompanon,
                  Francois and Brochmann, Christian and Willerslev,
                  Eske},
  journal =	 {Molecular Ecology},
  volume =	 21,
  number =	 8,
  pages =	 {2045--2050},
  year =	 2012,
  publisher =	 {Wiley Online Library}
}

@article{elbrecht2015,
  title={Can DNA-based ecosystem assessments quantify species abundance? Testing primer bias and biomass‚Äîsequence relationships with an innovative metabarcoding protocol},
  author={Elbrecht, Vasco and Leese, Florian},
  journal={PloS one},
  volume={10},
  number={7},
  pages={e0130324},
  year={2015},
  publisher={Public Library of Science}
}

@article{zimmerman2012,
  title={Fungal endophyte communities reflect environmental structuring across a Hawaiian landscape},
  author={Zimmerman, Naupaka B and Vitousek, Peter M},
  journal={Proceedings of the National Academy of Sciences},
  volume={109},
  number={32},
  pages={13022--13027},
  year={2012},
  publisher={National Acad Sciences}
}

@article{gibson2014,
  title={Simultaneous assessment of the macrobiome and microbiome in a bulk sample of tropical arthropods through DNA metasystematics},
  author={Gibson, Joel and Shokralla, Shadi and Porter, Teresita M and King, Ian and van Konynenburg, Steven and Janzen, Daniel H and Hallwachs, Winnie and Hajibabaei, Mehrdad},
  journal={Proceedings of the National Academy of Sciences},
  volume={111},
  number={22},
  pages={8007--8012},
  year={2014},
  publisher={National Acad Sciences}
}

@article{shokralla2015,
  title={Massively parallel multiplex DNA sequencing for specimen identification using an Illumina MiSeq platform},
  author={Shokralla, Shadi and Porter, Teresita M and Gibson, Joel F and Dobosz, Rafal and Janzen, Daniel H and Hallwachs, Winnie and Golding, G Brian and Hajibabaei, Mehrdad},
  journal={Scientific reports},
  volume={5},
  pages={9687},
  year={2015},
  publisher={Nature Publishing Group}
}

@article{simon1987,
  title={Hawaiian evolutionary biology: an introduction},
  author={Simon, Chris},
  journal={Trends in ecology \& evolution},
  volume={2},
  number={7},
  pages={175--178},
  year={1987},
  publisher={Elsevier}
}

@book{gillespieClague2009,
  title={Encyclopedia of islands},
  author={Gillespie, Rosemary G and Clague, David A},
  number={2},
  year={2009},
  publisher={Univ of California Press}
}

@article{rabosky2009,
  title={Ecological limits and diversification rate: alternative paradigms to explain the variation in species richness among clades and regions},
  author={Rabosky, Daniel L},
  journal={Ecology letters},
  volume={12},
  number={8},
  pages={735--743},
  year={2009},
  publisher={Wiley Online Library}
}

@article{scholz1997,
  title={Ecological equilibrium on biological activated carbon},
  author={Scholz, M and Martin, RJ},
  journal={Water Research},
  volume={31},
  number={12},
  pages={2959--2968},
  year={1997},
  publisher={Elsevier}
}

@article{levin1970,
  title={Community equilibria and stability, and an extension of the competitive exclusion principle},
  author={Levin, Simon A},
  journal={American Naturalist},
  pages={413--423},
  year={1970},
  publisher={JSTOR}
}

@article{lessard2012,
  title={Inferring local ecological processes amid species pool influences},
  author={Lessard, Jean-Philippe and Belmaker, Jonathan and Myers, Jonathan A and Chase, Jonathan M and Rahbek, Carsten},
  journal={Trends in Ecology \& Evolution},
  volume={27},
  number={11},
  pages={600--607},
  year={2012},
  publisher={Elsevier}
}

@article{heffernan2014,
   author = {Heffernan, James B and Soranno, Patricia A and Angilletta, Michael J and Buckley, Lauren B and Gruner, Daniel S and Keitt, Tim H and Kellner, James R and Kominoski, John S and Rocha, Adrian V and Xiao, Jingfeng and Harms, Tamara K and Goring, Simon J and Koenig, Lauren E and McDowell, William H and Powell, Heather and Richardson, Andrew D and Stow, Craig A and Vargas, Rodrigo and Weathers, Kathleen C},
   title = {Macrosystems ecology: understanding ecological patterns and processes at continental scales},
   journal = {Frontiers in Ecology and the Environment},
   volume = {12},
   number = {1},
   pages = {5-14},
   ISSN = {1540-9295},
   DOI = {doi:10.1890/130017},
   url = {http://dx.doi.org/10.1890/130017},
   year = {2014},
   type = {Journal Article}
}

@article{levy2014,
   author = {Levy, Ofir and Ball, Becky A and Bond-Lamberty, Ben and Cheruvelil, Kendra S and Finley, Andrew O and Lottig, Noah R and Punyasena, Surangi W and Xiao, Jingfeng and Zhou, Jizhong and Buckley, Lauren B and Filstrup, Christopher T and Keitt, Tim H and Kellner, James R and Knapp, Alan K and Richardson, Andrew D and Tcheng, David and Toomey, Michael and Vargas, Rodrigo and Voordeckers, James W and Wagner, Tyler and Williams, John W},
   title = {Approaches to advance scientific understanding of macrosystems ecology},
   journal = {Frontiers in Ecology and the Environment},
   volume = {12},
   number = {1},
   pages = {15-23},
   ISSN = {1540-9295},
   DOI = {doi:10.1890/130019},
   url = {http://dx.doi.org/10.1890/130019},
   year = {2014},
   type = {Journal Article}
}

@article{soranno2014,
   author = {Soranno, Patricia A and Cheruvelil, Kendra S and Bissell, Edward G and Bremigan, Mary T and Downing, John A and Fergus, Carol E and Filstrup, Christopher T and Henry, Emily N and Lottig, Noah R and Stanley, Emily H and Stow, Craig A and Tan, Pang-Ning and Wagner, Tyler and Webster, Katherine E},
   title = {Cross-scale interactions: quantifying multi-scaled cause‚Äìeffect relationships in macrosystems},
   journal = {Frontiers in Ecology and the Environment},
   volume = {12},
   number = {1},
   pages = {65-73},
   ISSN = {1540-9295},
   DOI = {doi:10.1890/120366},
   url = {http://dx.doi.org/10.1890/120366},
   year = {2014},
   type = {Journal Article}
}

@article{cheruvelil2014, 
   author = {Cheruvelil, Kendra S and Soranno, Patricia A and Weathers, Kathleen C and Hanson, Paul C and Goring, Simon J and Filstrup, Christopher T and Read, Emily K},
   title = {Creating and maintaining high-performing collaborative research teams: the importance of diversity and interpersonal skills},
   journal = {Frontiers in Ecology and the Environment},
   volume = {12},
   number = {1},
   pages = {31-38},
   ISSN = {1540-9295},
   DOI = {doi:10.1890/130001},
   url = {http://dx.doi.org/10.1890/130001},
   year = {2014},
   type = {Journal Article}
}

@article{goring2014, 
   author = {Goring, Simon J and Weathers, Kathleen C and Dodds, Walter K and Soranno, Patricia A and Sweet, Lynn C and Cheruvelil, Kendra S and Kominoski, John S and R√ºegg, Janine and Thorn, Alexandra M and Utz, Ryan M},
   title = {Improving the culture of interdisciplinary collaboration in ecology by expanding measures of success},
   journal = {Frontiers in Ecology and the Environment},
   volume = {12},
   number = {1},
   pages = {39-47},
   ISSN = {1540-9295},
   DOI = {doi:10.1890/120370},
   url = {http://dx.doi.org/10.1890/120370},
   year = {2014},
   type = {Journal Article}
}

@article{burkle2012,
  title={Shifts in pollinator composition and behavior cause slow interaction accumulation with area in plant--pollinator networks},
  author={Burkle, Laura A and Knight, Tiffany M},
  journal={Ecology},
  volume={93},
  number={11},
  pages={2329--2335},
  year={2012},
  publisher={Wiley Online Library}
}

@article{chase2013,
  title={Scale-dependent effect sizes of ecological drivers on biodiversity: why standardised sampling is not enough},
  author={Chase, Jonathan M and Knight, Tiffany M},
  journal={Ecology letters},
  volume={16},
  number={s1},
  pages={17--26},
  year={2013},
  publisher={Wiley Online Library}
}

@article{powell2013,
  title={Invasive plants have scale-dependent effects on diversity by altering species-area relationships},
  author={Powell, Kristin I and Chase, Jonathan M and Knight, Tiffany M},
  journal={Science},
  volume={339},
  number={6117},
  pages={316--318},
  year={2013},
  publisher={American Association for the Advancement of Science}
}

@article{schuler2015,
  title={More individuals drive the species energy--area relationship in an experimental zooplankton community},
  author={Schuler, Matthew S and Chase, Jonathan M and Knight, Tiffany M},
  journal={Oikos},
  volume={124},
  number={8},
  pages={1065--1070},
  year={2015},
  publisher={Wiley Online Library}
}

@article{shaw2016,
  title={Comparative phylogeography of oceanic archipelagos: Hotspots for inferences of evolutionary process},
  author={Shaw, Kerry L and Gillespie, Rosemary G},
  journal={Proceedings of the National Academy of Sciences},
  volume={113},
  number={29},
  pages={7986--7993},
  year={2016},
  publisher={National Acad Sciences}
}

@article{gillespie2016,
  title={Island time and the interplay between ecology and evolution in species diversification},
  author={Gillespie, Rosemary G},
  journal={Evolutionary applications},
  volume={9},
  number={1},
  pages={53--73},
  year={2016},
  publisher={Wiley Online Library}
}

@article{brewer2015,
  title={Shifting habitats, morphology, and selective pressures: developmental polyphenism in an adaptive radiation of Hawaiian spiders},
  author={Brewer, Michael S and Carter, Rebecca A and Croucher, Peter JP and Gillespie, Rosemary G},
  journal={Evolution},
  volume={69},
  number={1},
  pages={162--178},
  year={2015},
  publisher={Wiley Online Library}
}

@article{brewer2014,
  title={New sequencing technologies, the development of genomics tools, and their applications in evolutionary arachnology},
  author={Brewer, Michael S and Cotoras, Darko D and Croucher, Peter JP and Gillespie, Rosemary G},
  journal={Journal of Arachnology},
  volume={42},
  number={1},
  pages={1--15},
  year={2014},
  publisher={BioOne}
}

@article{warren2015,
  title={Islands as model systems in ecology and evolution: prospects fifty years after MacArthur-Wilson},
  author={Warren, Ben H and Simberloff, Daniel and Ricklefs, Robert E and Aguil{\'e}e, Robin and Condamine, Fabien L and Gravel, Dominique and Morlon, H{\'e}l{\`e}ne and Mouquet, Nicolas and Rosindell, James and Casquet, Juliane and others},
  journal={Ecology Letters},
  volume={18},
  number={2},
  pages={200--217},
  year={2015},
  publisher={Wiley Online Library}
}

@article{gillespie2013,
  title={From testing patterns to understanding processes in spiders and related arachnids},
  author={GILLESPIE, ROSEMARY G},
  journal={Spider Research in the 21st Century: Trends \& Perspectives},
  pages={154},
  year={2013},
  publisher={Siri Scientific Press}
}

@article{asner2016,
  title={Rapid forest carbon assessments of oceanic islands: a case study of the Hawaiian archipelago},
  author={Asner, Gregory P and Sousan, Sinan and Knapp, David E and Selmants, Paul C and Martin, Roberta E and Hughes, R Flint and Giardina, Christian P},
  journal={Carbon balance and management},
  volume={11},
  number={1},
  pages={1},
  year={2016},
  publisher={Springer International Publishing}
}

@article{broadbent2014,
  title={Linking rainforest ecophysiology and microclimate through fusion of airborne LiDAR and hyperspectral imagery},
  author={Broadbent, Eben N and Zambrano, Ang{\'e}lica M Almeyda and Asner, Gregory P and Field, Christopher B and Rosenheim, Brad E and Kennedy-Bowdoin, Ty and Knapp, David E and Burke, David and Giardina, Christian and Cordell, Susan},
  journal={Ecosphere},
  volume={5},
  number={5},
  pages={1--37},
  year={2014},
  publisher={Wiley Online Library}
}

